@article{ lbomp,
    author      = {Jonas H. Müller Korndörfer and Ahmed Eleliemy, Ali Mohammed and Florina M. Ciorba},
    title       = {LB4OMP: A Dynamic Load Balancing Library for Multithreaded Applications},
    url         = {https://arxiv.org/abs/2106.05108},
    year        = {2021},
    langid      = {english}
}


% @book{ protbb,
%     author      = {M. Voss and R. Asenjo and J. Reinders},
%     title       = {Pro TBB: C++ Parallel Programming with Threading Building Blocks},
%     address     = {USA},
%     publisher   = {Apress},
%     numpages    = {820},
%     pagetotal   = {820},
%     year        = {2019},
%     langid      = {russian}
% }

@online{ sched-setaffinity,
    title       = {sched\_setaffinity(2) — Linux manual page},
    url         = {https://man7.org/linux/man-pages/man2/sched_setaffinity.2.html},
    year        = {2021},
    langid      = {english},
    note = {Дата обращения: 25.10.2022}
}

@online{ protbb-composability,
    author      = {M. Voss and R. Asenjo and J. Reinders},
    title       = {The Pillars of Composability
, Pro TBB Chapter},
    url         = {https://link.springer.com/chapter/10.1007/978-1-4842-4398-5_9},
    year        = {2019},
    langid      = {english},
    note = {Дата обращения: 25.10.2022}
}

@online{ protbb-pinning,
    author      = {M. Voss and R. Asenjo and J. Reinders},
    title       = {Creating Thread-to-Core and Task-to-Thread Affinity, Pro TBB Chapter},
    url         = {https://link.springer.com/chapter/10.1007/978-1-4842-4398-5_13},
    year        = {2019},
    langid      = {english},
    note = {Дата обращения: 25.10.2022}
}

@online{ tbb-task-based,
    title       = {Task-Based Programming — oneTBB documentation},
    url         = {https://oneapi-src.github.io/oneTBB/main/tbb_userguide/Task-Based_Programming.html},
    year        = {2023},
    langid      = {english},
    note = {Дата обращения: 20.10.2022}
}

@online{ tbb-partitioners,
    title       = {Algorithms — oneAPI Specification 1.2-rev-1 documentation},
    url         = {https://spec.oneapi.io/versions/latest/elements/oneTBB/source/algorithms.html#partitioners},
    year        = {2023},
    langid      = {english},
    note = {Дата обращения: 20.10.2022}
}


@online{ omp-spec,
    title       = {OpenMP Application Programming Interface Specification Version 5.2},
    url         = {https://www.openmp.org/wp-content/uploads/OpenMP-API-Specification-5-2.pdf},
    year        = {2021},
    langid      = {english},
    note = {Дата обращения: 20.10.2022}
}

@online{ rdtsc,
    title       = {RDTSC: Read Time-Stamp Counter (x86 Instruction Set Reference)},
    url         = {https://c9x.me/x86/html/file_module_x86_id_278.html},
    year        = {2021},
    langid      = {english},
    note = {Дата обращения: 20.10.2022}
}

@online{ rdtsc-arm,
    title       = {Arm Armv8-A Documentation: Architecture Registers},
    url         = {https://developer.arm.com/documentation/ddi0595/2021-03/AArch64-Registers/CNTVCT-EL0--Counter-timer-Virtual-Count-register},
    year        = {2021},
    langid      = {english},
    note = {Дата обращения: 20.10.2022}
}

@online{ nvidia-scan,
    title       = {Chapter 39. Parallel Prefix Sum (Scan) with CUDA | NVIDIA Developer},
    url         = {https://developer.nvidia.com/gpugems/gpugems3/part-vi-gpu-computing/chapter-39-parallel-prefix-sum-scan-cuda},
    year        = {2023},
    langid      = {english},
    note = {Дата обращения: 13.11.2022}
}
